@book{landau2014guide,
  title={A guide to Monte Carlo simulations in statistical physics},
  author={Landau, David P and Binder, Kurt},
  year={2014},
  publisher={Cambridge university press}
}
@article{wang2001determining,
  title={Determining the density of states for classical statistical models: A random walk algorithm to produce a flat histogram},
  author={Wang, Fugao and Landau, DP},
  journal={Physical Review E},
  volume={64},
  number={5},
  pages={056101},
  year={2001},
  publisher={APS}
}
@article{wang2001efficient,
  title={Efficient, multiple-range random walk algorithm to calculate the density of states},
  author={Wang, Fugao and Landau, DP},
  journal={Physical review letters},
  volume={86},
  number={10},
  pages={2050},
  year={2001},
  publisher={APS}
}
@phdthesis{haber2014transition,
  title={Transition Matrix Monte Carlo Methods for Density of States Prediction},
  author={Haber, Ren{\'e}},
  year={2014}
}

% Violation of Detailed Balance.
@article{yan2003fast,
  title={Fast calculation of the density of states of a fluid by Monte Carlo simulations},
  author={Yan, Qiliang and de Pablo, Juan J},
  journal={Physical review letters},
  volume={90},
  number={3},
  pages={035701},
  year={2003},
  publisher={APS}
}
@article{shell2002generalization,
  title={Generalization of the Wang-Landau method for off-lattice simulations},
  author={Shell, M Scott and Debenedetti, Pablo G and Panagiotopoulos, Athanassios Z},
  journal={Physical review E},
  volume={66},
  number={5},
  pages={056703},
  year={2002},
  publisher={APS}
}
% 1/t WL Algorithm
@article{belardinelli2008analysis,
  title={Analysis of the convergence of the 1/t and Wang-Landau algorithms in the calculation of multidimensional integrals},
  author={Belardinelli, RE and Manzi, S and Pereyra, VD},
  journal={Physical Review E},
  volume={78},
  number={6},
  pages={067701},
  year={2008},
  publisher={APS}
}
@article{belardinelli2007fast,
  title={Fast algorithm to calculate density of states},
  author={Belardinelli, RE and Pereyra, VD},
  journal={Physical Review E},
  volume={75},
  number={4},
  pages={046701},
  year={2007},
  publisher={APS}
}
% WL rate of convergence and error saturation
@article{belardinelli2007wang,
  title={Wang-Landau algorithm: A theoretical analysis of the saturation of the error},
  author={Belardinelli, RE and Pereyra, VD},
  journal={The Journal of chemical physics},
  volume={127},
  number={18},
  pages={184105},
  year={2007},
  publisher={AIP}
}
@article{lee2006convergence,
  title={Convergence and refinement of the Wang--Landau algorithm},
  author={Lee, Hwee Kuan and Okabe, Yutaka and Landau, DP},
  journal={Computer physics communications},
  volume={175},
  number={1},
  pages={36--40},
  year={2006},
  publisher={Elsevier}
}
@article{zhou2005understanding,
  title={Understanding and improving the Wang-Landau algorithm},
  author={Zhou, Chenggang and Bhatt, RN},
  journal={Physical Review E},
  volume={72},
  number={2},
  pages={025701},
  year={2005},
  publisher={APS}
}
@article{koh2013dynamically,
  title={Dynamically optimized Wang-Landau sampling with adaptive trial moves and modification factors},
  author={Koh, Yang Wei and Lee, Hwee Kuan and Okabe, Yutaka},
  journal={Physical Review E},
  volume={88},
  number={5},
  pages={053302},
  year={2013},
  publisher={APS}
}
% SAMC
@article{liang2006theory,
  title={A theory on flat histogram monte carlo algorithms},
  author={Liang, Faming},
  journal={Journal of statistical physics},
  volume={122},
  number={3},
  pages={511--529},
  year={2006},
  publisher={Springer}
}
@article{liang2007stochastic,
  title={Stochastic approximation in Monte Carlo computation},
  author={Liang, Faming and Liu, Chuanhai and Carroll, Raymond J},
  journal={Journal of the American Statistical Association},
  volume={102},
  number={477},
  pages={305--320},
  year={2007},
  publisher={Taylor \& Francis}
}
%Potts Model
@article{wu1982potts,
  title={The potts model},
  author={Wu, Fa-Yueh},
  journal={Reviews of modern physics},
  volume={54},
  number={1},
  pages={235},
  year={1982},
  publisher={APS}
}
%Ising Model
@article{landau2004new,
  title={A new approach to Monte Carlo simulations in statistical physics: Wang-Landau sampling},
  author={Landau, DP and Tsai, Shan-Ho and Exler, M},
  journal={American Journal of Physics},
  volume={72},
  number={10},
  pages={1294--1302},
  year={2004},
  publisher={AAPT}
}
@article{beale1996exact,
  title={Exact distribution of energies in the two-dimensional Ising model},
  author={Beale, Paul D},
  journal={Physical Review Letters},
  volume={76},
  number={1},
  pages={78},
  year={1996},
  publisher={APS}
}
@article{wang1999transition,
  title={Transition matrix Monte Carlo reweighting and dynamics},
  author={Wang, Jian-Sheng and Tay, Tien Kiat and Swendsen, Robert H},
  journal={Physical review letters},
  volume={82},
  number={3},
  pages={476},
  year={1999},
  publisher={APS}
}
@article{landau1976finite,
  title={Finite-size behavior of the Ising square lattice},
  author={Landau, DP},
  journal={Physical Review B},
  volume={13},
  number={7},
  pages={2997},
  year={1976},
  publisher={APS}
}
@article{ferdinand1969bounded,
  title={Bounded and inhomogeneous Ising models. I. Specific-heat anomaly of a finite lattice},
  author={Ferdinand, Arthur E and Fisher, Michael E},
  journal={Physical Review},
  volume={185},
  number={2},
  pages={832},
  year={1969},
  publisher={APS}
}
