@article{gil-villegas-1997-SAFT-VR,
  title={{Statistical associating fluid theory for chain molecules with attractive potentials of variable range}},
  author={Gil-Villegas, A. and Galindo, A. and Whitehead, P.J. and Mills, S.J. and Jackson, G. and Burgess, A.N.},
  journal={The Journal of Chemical Physics},
  volume={106},
  pages={4168},
  year={1997}
}

@article{roth2002whitebear,
  title={{Fundamental measure theory for hard-sphere mixtures revisited: the White Bear version}},
  author={Roth, R. and Evans, R. and Lang, A. and Kahl, G.},
  journal={Journal of Physics: Condensed Matter},
  volume={14},
  pages={12063},
  year={2002},
  publisher={IOP Publishing}
}

@article{barker1976liquid,
  title={What is "liquid"? Understanding the states of matter},
  author={Barker, J.A. and Henderson, D.},
  journal={Reviews of Modern Physics},
  volume={48},
  number={4},
  pages={587},
  year={1976},
  publisher={APS}
}

@article{hughes2013classical,
  title={A classical density-functional theory for describing water interfaces},
  author={Hughes, Jessica and Krebs, Eric J and Roundy, David and others},
  journal={The Journal of chemical physics},
  volume={138},
  number={2},
  pages={024509--024509},
  year={2013}
}

@article{peng2008meanfield,
author = {Peng, Bo and Yu, Yang-Xin},
title = {A Density Functional Theory with a Mean-field Weight Function: Applications to Surface Tension, Adsorption, and Phase Transition of a Lennard-Jones Fluid in a Slit-like Pore},
journal = {The Journal of Physical Chemistry B},
volume = {112},
number = {48},
pages = {15407-15416},
year = {2008},
doi = {10.1021/jp805697p},

URL = {http://pubs.acs.org/doi/abs/10.1021/jp805697p},
eprint = {http://pubs.acs.org/doi/pdf/10.1021/jp805697p}
}

@article{yu2009novel,
  title={A novel weighted density functional theory for adsorption, fluid-solid interfacial tension, and disjoining properties of simple liquid films on planar solid surfaces},
  author={Yu, Yang-Xin},
  journal={The Journal of chemical physics},
  volume={131},
  number={2},
  pages={024704},
  year={2009},
  publisher={AIP Publishing}
}

@article{sundararaman2013efficient,
  title={Efficient classical density-functional theories of rigid-molecular fluids and a simplified free energy functional for liquid water},
  author={Sundararaman, Ravishankar and Arias, TA},
  journal={Computer Physics Communications},
  year={2013},
  publisher={Elsevier}
}

@article{shen2013hybrid,
  title={A hybrid perturbed-chain SAFT density functional theory for representing fluid behavior in nanopores: Mixtures},
  author={Shen, Gulou and Ji, Xiaoyan and {\"O}berg, Sven and Lu, Xiaohua},
  journal={The Journal of chemical physics},
  volume={139},
  number={19},
  pages={194705},
  year={2013},
  publisher={AIP Publishing}
}

@article{schulte2012using,
  title={Using fundamental measure theory to treat the correlation function of the inhomogeneous hard-sphere fluid},
  author={Schulte, Jeff B and Kreitzberg, Patrick A and Haglund, Chris V and Roundy, David},
  journal={Physical Review E},
  volume={86},
  number={6},
  pages={061201},
  year={2012},
  publisher={APS}
}
% Square well fluid
@article{barker1967-SW-perturbation,
   author = {Barker, J. A. and Henderson, D.},
   title = {Perturbation Theory and Equation of State for Fluids: The Square‚ÄêWell Potential},
   journal = {The Journal of Chemical Physics},
   year = {1967},
   volume = {47},
   number = {8},
   pages = {2856-2861},
}
@article{vega1992phase,
  title={Phase equilibria and critical behavior of square-well fluids of variable width by Gibbs ensemble Monte Carlo simulation},
  author={Vega, Lourdes and de Miguel, Enrique and Rull, Luis F and Jackson, George and McLure, Ian A},
  journal={The Journal of Chemical Physics},
  volume={96},
  number={3},
  pages={2296--2305},
  year={1992},
  publisher={AIP}
}
@article{singh2003surface,
  title={Surface tension and vapor--liquid phase coexistence of the square-well fluid},
  author={Singh, Jayant K and Kofke, David A and Errington, Jeffrey R},
  journal={The Journal of Chemical Physics},
  volume={119},
  number={6},
  pages={3405--3412},
  year={2003},
  publisher={AIP}
}
@article{barker2004perturbationSW,
  title={Perturbation Theory and Equation of State for Fluids: The Square-Well Potential},
  author={Barker, John Adair and Henderson, Douglas},
  journal={The Journal of Chemical Physics},
  volume={47},
  number={8},
  pages={2856--2861},
  year={2004},
  publisher={AIP Publishing}
}

@book{Simple-Liquids,
  author = {Hansen, J. P. and McDonald, I. R.},
  title = {Theory of Simple Liquids},
  publisher = {Academic Press},
  edition = {3},
  year = {2006}
}

@article{barker2004perturbationII,
  title={Perturbation theory and equation of state for fluids. II. A successful theory of liquids},
  author={Barker, John A and Henderson, Douglas},
  journal={The Journal of Chemical Physics},
  volume={47},
  number={11},
  pages={4714--4721},
  year={2004},
  publisher={AIP Publishing}
}

@article{wang1999transition,
  title={Transition matrix Monte Carlo reweighting and dynamics},
  author={Wang, Jian-Sheng and Tay, Tien Kiat and Swendsen, Robert H},
  journal={Physical review letters},
  volume={82},
  number={3},
  pages={476},
  year={1999},
  publisher={APS}
}
@article{wang2002transition,
  title={Transition matrix Monte Carlo method},
  author={Wang, Jian-Sheng and Swendsen, Robert H},
  journal={Journal of statistical physics},
  volume={106},
  number={1-2},
  pages={245--285},
  year={2002},
  publisher={Springer}
}
@article{swendsen1999transition,
  title={Transition matrix Monte Carlo},
  author={Swendsen, Robert H and Diggs, Brian and Wang, Jian-Sheng and Li, Shing-Te and Genovese, Christopher and Kadane, Joseph B},
  journal={International Journal of Modern Physics C},
  volume={10},
  number={08},
  pages={1563--1569},
  year={1999},
  publisher={World Scientific}
}
@book{landau2014guide,
  title={A guide to Monte Carlo simulations in statistical physics},
  author={Landau, David P and Binder, Kurt},
  year={2014},
  publisher={Cambridge university press}
}
@phdthesis{haber2014transition,
  title={Transition Matrix Monte Carlo Methods for Density of States Prediction},
  author={Haber, Ren{\'e}},
  year={2014}
}
@article{rietman2016thermodynamic,
  title={Thermodynamic measures of cancer: Gibbs free energy and entropy of protein--protein interactions},
  author={Rietman, Edward A and Platig, John and Tuszynski, Jack A and Klement, Giannoula Lakka},
  journal={Journal of biological physics},
  volume={42},
  number={3},
  pages={339--350},
  year={2016},
  publisher={Springer}
}
@article{perez2016advances,
  title={Advances in free-energy-based simulations of protein folding and ligand binding},
  author={Perez, Alberto and Morrone, Joseph A and Simmerling, Carlos and Dill, Ken A},
  journal={Current opinion in structural biology},
  volume={36},
  pages={25--31},
  year={2016},
  publisher={Elsevier}
}
@article{lurie2014approach,
  title={Approach to approximating the pair distribution function of inhomogeneous hard-sphere fluids},
  author={Lurie-Gregg, Paho and Schulte, Jeff B and Roundy, David},
  journal={Physical Review E},
  volume={90},
  number={4},
  pages={042130},
  year={2014},
  publisher={APS}
}
@phdthesis{schulte2015thesis,
  title={Hard spheres within classical density functional theory and Min proteins in Escherichia coli},
  author={Schulte, Jeff B},
  year={2015}
}
@article{krebs2014improved,
  title={Improved association in a classical density functional theory for water},
  author={Krebs, Eric J and Schulte, Jeff B and Roundy, David},
  journal={The Journal of chemical physics},
  volume={140},
  number={12},
  pages={124507},
  year={2014},
  publisher={AIP}
}
@phdthesis{perlin2015thesis,
  title={Optimizing Monte Carlo simulation of the square-well fluid},
  author={Perlin, Michael A},
  year={2015}
}
@article{wang2001determining,
  title={Determining the density of states for classical statistical models: A random walk algorithm to produce a flat histogram},
  author={Wang, Fugao and Landau, DP},
  journal={Physical Review E},
  volume={64},
  number={5},
  pages={056101},
  year={2001},
  publisher={APS}
}
@article{wang2001efficient,
  title={Efficient, multiple-range random walk algorithm to calculate the density of states},
  author={Wang, Fugao and Landau, DP},
  journal={Physical review letters},
  volume={86},
  number={10},
  pages={2050},
  year={2001},
  publisher={APS}
}
@article{swendsen1987nonuniversal,
  title={Nonuniversal critical dynamics in Monte Carlo simulations},
  author={Swendsen, Robert H and Wang, Jian-Sheng},
  journal={Physical review letters},
  volume={58},
  number={2},
  pages={86},
  year={1987},
  publisher={APS}
}
@article{LandauMinSampling,
  title={The HP model of protein folding: A challenging testing ground for Wang--Landau sampling},
  author={W{\"u}st, Thomas and Landau, DP},
  journal={Computer Physics Communications},
  volume={179},
  number={1},
  pages={124--127},
  year={2008},
  publisher={Elsevier}
}
@article{zhou2005understanding,
  title={Understanding and improving the Wang-Landau algorithm},
  author={Zhou, Chenggang and Bhatt, RN},
  journal={Physical Review E},
  volume={72},
  number={2},
  pages={025701},
  year={2005},
  publisher={APS}
}
@article{hastings1970monte,
  title={Monte Carlo sampling methods using Markov chains and their applications},
  author={Hastings, W Keith},
  journal={Biometrika},
  volume={57},
  number={1},
  pages={97--109},
  year={1970},
  publisher={Biometrika Trust}
}
% Broad Histogram
@article{Broadhistogram,
  title={Broad histogram monte carlo},
  author={De Oliveira, PMC and Penna, TJP and Herrmann, HJ},
  journal={The European Physical Journal B-Condensed Matter and Complex Systems},
  volume={1},
  number={2},
  pages={205--208},
  year={1998},
  publisher={Springer}
}
@article{BroadHistogram2,
  title={Broad histogram method},
  author={Penna, TJP and Herrmann, HJ},
  journal={arXiv preprint cond-mat/9610041},
  year={1996}
}
@article{wang1999broad,
  title={Is the broad histogram random walk dynamics correct?},
  author={Wang, J-S},
  journal={The European Physical Journal B-Condensed Matter and Complex Systems},
  volume={8},
  number={2},
  pages={287--291},
  year={1999},
  publisher={Springer}
}
% Optimized Ensembles
@article{trebst2004optimizing,
  title={Optimizing the ensemble for equilibration in broad-histogram Monte Carlo simulations},
  author={Trebst, Simon and Huse, David A and Troyer, Matthias},
  journal={Physical Review E},
  volume={70},
  number={4},
  pages={046701},
  year={2004},
  publisher={APS}
}
@article{wessel2007optimized,
  title={Optimized broad-histogram ensembles for the simulation of quantum systems},
  author={Wessel, Stefan and Stoop, Norbert and Gull, Emanuel and Trebst, Simon and Troyer, Matthias},
  journal={Journal of Statistical Mechanics: Theory and Experiment},
  volume={2007},
  number={12},
  pages={P12005},
  year={2007},
  publisher={IOP Publishing}
}
% Double Gaussian Core Papers
@article{speranza2014phase,
  title={Phase behavior of a fluid with a double Gaussian potential displaying waterlike features},
  author={Speranza, Cristina and Prestipino, Santi and Malescio, Gianpietro and Giaquinta, Paolo V},
  journal={Physical Review E},
  volume={90},
  number={1},
  pages={012305},
  year={2014},
  publisher={APS}
}
@article{prestipino2014twofold,
  title={Twofold reentrant melting in a double-Gaussian fluid},
  author={Prestipino, Santi and Speranza, Cristina and Malescio, Gianpietro and Giaquinta, Paolo V},
  journal={The Journal of chemical physics},
  volume={140},
  number={8},
  pages={084906},
  year={2014},
  publisher={AIP}
}
% Gaussian Core Papers
@article{rane2013monte,
  title={Monte Carlo simulation methods for computing liquid--vapor saturation properties of model systems},
  author={Rane, Kaustubh S and Murali, Sabharish and Errington, Jeffrey R},
  journal={Journal of Chemical Theory and Computation},
  volume={9},
  number={6},
  pages={2552--2566},
  year={2013},
  publisher={ACS Publications}
}
@article{krekelberg2009anomalous,
  title={Anomalous structure and dynamics of the Gaussian-core fluid},
  author={Krekelberg, William P and Kumar, Tanuj and Mittal, Jeetain and Errington, Jeffrey R and Truskett, Thomas M},
  journal={Physical Review E},
  volume={79},
  number={3},
  pages={031203},
  year={2009},
  publisher={APS}
}
@article{mausbach2009solid,
  title={Solid-liquid phase equilibria of the Gaussian core model fluid},
  author={Mausbach, Peter and Ahmed, Alauddin and Sadus, Richard J},
  journal={The Journal of chemical physics},
  volume={131},
  number={18},
  pages={184507},
  year={2009},
  publisher={AIP}
}
% Soft Sphere Papers
@phdthesis{kreitzberg2015monte,
  title={Monte Carlo simulations for a soft sphere fluid},
  author={Kreitzberg, Patrick},
  year={2015}
}
@article{torrie1977nonphysical,
  title={Nonphysical sampling distributions in Monte Carlo free-energy estimation: Umbrella sampling},
  author={Torrie, Glenn M and Valleau, John P},
  journal={Journal of Computational Physics},
  volume={23},
  number={2},
  pages={187--199},
  year={1977},
  publisher={Elsevier}
}
@article{andersen1971relationship,
  title={Relationship between the hard-sphere fluid and fluids with realistic repulsive forces},
  author={Andersen, Hans C and Weeks, John D and Chandler, David},
  journal={Physical Review A},
  volume={4},
  number={4},
  pages={1597},
  year={1971},
  publisher={APS}
}
@article{weeks1971role,
  title={Role of repulsive forces in determining the equilibrium structure of simple liquids},
  author={Weeks, John D and Chandler, David and Andersen, Hans C},
  journal={The Journal of chemical physics},
  volume={54},
  number={12},
  pages={5237--5247},
  year={1971},
  publisher={AIP}
}
@article{hoover1970soft,
  title={Soft-Sphere Equation of State},
  author={Hoover, William G and Ross, Marvin and Johnson, Keith W and Henderson, Douglas and Barker, John A and Brown, Bryan C},
  journal={The Journal of Chemical Physics},
  volume={52},
  number={10},
  pages={4931--4941},
  year={1970},
  publisher={AIP}
}
@article{hansen1970phase,
  title={Phase transition of the Lennard-Jones system. II. High-temperature limit},
  author={Hansen, Jean-Pierre},
  journal={Physical Review A},
  volume={2},
  number={1},
  pages={221},
  year={1970},
  publisher={APS}
}
% Monte-Carlo on Soft-Sphere
@article{sun2013efficient,
  title={An efficient method of reweighting and reconstructing Monte Carlo molecular simulation data for extrapolation to different temperature and density conditions},
  author={Sun, Shuyu and Kadoura, Ahmad and Salama, Amgad},
  journal={Procedia Computer Science},
  volume={18},
  pages={2147--2156},
  year={2013},
  publisher={Elsevier}
}
@article{ghoufi2016computer,
  title={Computer modelling of the surface tension of the gas--liquid and liquid--liquid interface},
  author={Ghoufi, Aziz and Malfreyt, Patrice and Tildesley, Dominic J},
  journal={Chemical Society Reviews},
  volume={45},
  number={5},
  pages={1387--1409},
  year={2016},
  publisher={Royal Society of Chemistry}
}
% GC-TMMC Algorithm
@article{siderius2013use,
  title={Use of the grand canonical transition-matrix Monte Carlo method to model gas adsorption in porous materials},
  author={Siderius, Daniel W and Shen, Vincent K},
  journal={The Journal of Physical Chemistry C},
  volume={117},
  number={11},
  pages={5861--5872},
  year={2013},
  publisher={ACS Publications}
}
@article{chen2001aggregation,
  title={Aggregation-volume-bias Monte Carlo simulations of vapor-liquid nucleation barriers for Lennard-Jonesium},
  author={Chen, Bin and Siepmann, J Ilja and Oh, Kwang J and Klein, Michael L},
  journal={The Journal of Chemical Physics},
  volume={115},
  number={23},
  pages={10903--10913},
  year={2001},
  publisher={AIP}
}
@article{chen2002simulating,
  title={Simulating vapor--liquid nucleation of n-alkanes},
  author={Chen, Bin and Siepmann, J Ilja and Oh, Kwang J and Klein, Michael L},
  journal={The Journal of chemical physics},
  volume={116},
  number={10},
  pages={4317--4329},
  year={2002},
  publisher={AIP}
}
@article{errington2003direct,
  title={Direct calculation of liquid--vapor phase equilibria from transition matrix Monte Carlo simulation},
  author={Errington, Jeffrey R},
  journal={The Journal of chemical physics},
  volume={118},
  number={22},
  pages={9915--9925},
  year={2003},
  publisher={AIP}
}
@article{paluch2008comparing,
  title={Comparing the use of Gibbs ensemble and grand-canonical transition-matrix Monte Carlo methods to determine phase equilibria},
  author={Paluch, Andrew S and Shen, Vincent K and Errington, Jeffrey R},
  journal={Industrial \& Engineering Chemistry Research},
  volume={47},
  number={13},
  pages={4533--4541},
  year={2008},
  publisher={ACS Publications}
}
@article{fenwick2006accurate,
  title={Accurate estimation of the density of states from Monte Carlo transition probability data},
  author={Fenwick, Michael K},
  journal={The Journal of chemical physics},
  volume={125},
  number={14},
  pages={144905},
  year={2006},
  publisher={AIP}
}
@article{fenwick2008direct,
  title={A direct multiple histogram reweighting method for optimal computation of the density of states},
  author={Fenwick, Michael K},
  journal={The Journal of chemical physics},
  volume={129},
  number={12},
  pages={09B619},
  year={2008},
  publisher={AIP}
}
@article{errington2005direct,
  title={Direct evaluation of multicomponent phase equilibria using flat-histogram methods},
  author={Errington, Jeffrey R and Shen, Vincent K},
  journal={The Journal of chemical physics},
  volume={123},
  number={16},
  pages={164103},
  year={2005},
  publisher={AIP}
}
@article{grzelak2008computation,
  title={Computation of interfacial properties via grand canonical transition matrix Monte Carlo simulation},
  author={Grzelak, Eric M and Errington, Jeffrey R},
  journal={The Journal of chemical physics},
  volume={128},
  number={1},
  pages={014710},
  year={2008},
  publisher={AIP}
}

% Fitzgerald TMMC Alogrithm
@article{fitzgerald2000monte,
  title={Monte Carlo transition dynamics and variance reduction},
  author={Fitzgerald, M and Picard, RR and Silver, RN},
  journal={Journal of Statistical Physics},
  volume={98},
  number={1-2},
  pages={321--345},
  year={2000},
  publisher={Springer}
}
@article{siepmann1990method,
  title={A method for the direct calculation of chemical potentials for dense chain systems},
  author={Siepmann, J{\"o}rn Ilja},
  journal={Molecular Physics},
  volume={70},
  number={6},
  pages={1145--1158},
  year={1990},
  publisher={Taylor \& Francis}
}

% WL-TMMC Alogrithm
@article{shell2003improved,
  title={An improved Monte Carlo method for direct calculation of the density of states},
  author={Shell, M Scott and Debenedetti, Pablo G and Panagiotopoulos, Athanassios Z},
  journal={The Journal of chemical physics},
  volume={119},
  number={18},
  pages={9406--9411},
  year={2003},
  publisher={AIP}
}
@article{shell2004flat,
  title={Flat-histogram dynamics and optimization in density of states simulations of fluids},
  author={Shell, M Scott and Debenedetti, Pablo G and Panagiotopoulos, Athanassios Z},
  journal={The Journal of Physical Chemistry B},
  volume={108},
  number={51},
  pages={19748--19755},
  year={2004},
  publisher={ACS Publications}
}
@article{shen2014elucidating,
  title={Elucidating the effects of adsorbent flexibility on fluid adsorption using simple models and flat-histogram sampling methods},
  author={Shen, Vincent K and Siderius, Daniel W},
  journal={The Journal of chemical physics},
  volume={140},
  number={24},
  pages={244106},
  year={2014},
  publisher={AIP}
}
@article{hatch2015computational,
  title={Computational study of trimer self-assembly and fluid phase behavior},
  author={Hatch, Harold W and Mittal, Jeetain and Shen, Vincent K},
  journal={The Journal of chemical physics},
  volume={142},
  number={16},
  pages={164901},
  year={2015},
  publisher={AIP Publishing}
}
@article{mahynski2017predicting,
  title={Predicting low-temperature free energy landscapes with flat-histogram Monte Carlo methods},
  author={Mahynski, Nathan A and Blanco, Marco A and Errington, Jeffrey R and Shen, Vincent K},
  journal={The Journal of Chemical Physics},
  volume={146},
  number={7},
  pages={074101},
  year={2017},
  publisher={AIP Publishing}
}
% SA-TMMC (Stochastic Approximation)
@article{liang2006theory,
  title={A theory on flat histogram monte carlo algorithms},
  author={Liang, Faming},
  journal={Journal of statistical physics},
  volume={122},
  number={3},
  pages={511--529},
  year={2006},
  publisher={Springer}
}
@article{liang2007stochastic,
  title={Stochastic approximation in Monte Carlo computation},
  author={Liang, Faming and Liu, Chuanhai and Carroll, Raymond J},
  journal={Journal of the American Statistical Association},
  volume={102},
  number={477},
  pages={305--320},
  year={2007},
  publisher={Taylor \& Francis}
}
@article{schneider2017convergence,
  title={Convergence of Stochastic Approximation Monte Carlo and modified Wang--Landau algorithms: Tests for the Ising model},
  author={Schneider, Simon and Mueller, Marco and Janke, Wolfhard},
  journal={Computer Physics Communications},
  volume={216},
  pages={1--7},
  year={2017},
  publisher={Elsevier}
}
@article{werlich2015stochastic,
  title={Stochastic approximation Monte Carlo and Wang--Landau Monte Carlo applied to a continuum polymer model},
  author={Werlich, B and Shakirov, T and Taylor, MP and Paul, W},
  journal={Computer Physics Communications},
  volume={186},
  pages={65--70},
  year={2015},
  publisher={Elsevier}
}
