@article{wang_landau,
  title =        {A new approach to {M}onte {C}arlo simulations in
                  statistical physics: {W}ang-{L}andau sampling},
  volume =       {72},
  ISSN =         {0002-9505},
  url =          {http://dx.doi.org/10.1119/1.1707017},
  DOI =          {10.1119/1.1707017},
  number =       {10},
  journal =      {Am. J. Phys.},
  publisher =    {American Association of Physics Teachers (AAPT)},
  author =       {Landau, D. P. and Tsai, Shan-Ho and Exler, M.},
  year =         {2004},
  pages =        {1294}
}

@article{wang_landau_mod,
  title =        {Fast algorithm to calculate density of states},
  volume =       {75},
  ISSN =         {1550-2376},
  url =          {http://dx.doi.org/10.1103/PhysRevE.75.046701},
  DOI =          {10.1103/physreve.75.046701},
  number =       {4},
  journal =      {Phys. Rev. E},
  publisher =    {American Physical Society (APS)},
  author =       {Belardinelli, R. and Pereyra, V.},
  year =         {2007},
  month =        {Apr}
}


@article{wang_landau_analysis,
  title =        {Understanding and improving the {W}ang-{L}andau
                  algorithm},
  volume =       {72},
  ISSN =         {1550-2376},
  url =          {http://dx.doi.org/10.1103/PhysRevE.72.025701},
  DOI =          {10.1103/physreve.72.025701},
  number =       {2},
  journal =      {Phys. Rev. E},
  publisher =    {American Physical Society (APS)},
  author =       {Zhou, Chenggang and Bhatt, R.},
  year =         {2005},
  month =        {Aug}
}

@article{walkers,
  title =        {Optimizing the ensemble for equilibration in
                  broad-histogram {M}onte {C}arlo simulations},
  volume =       {70},
  ISSN =         {1550-2376},
  url =          {http://dx.doi.org/10.1103/PhysRevE.70.046701},
  DOI =          {10.1103/physreve.70.046701},
  number =       {4},
  journal =      {Phys. Rev. E},
  publisher =    {American Physical Society (APS)},
  author =       {Trebst, Simon and Huse, David and Troyer, Matthias},
  year =         {2004},
  month =        {Oct}
}

@article{transition_prl,
  title =        {Transition Matrix {M}onte {C}arlo Reweighting and
                  Dynamics},
  volume =       {82},
  ISSN =         {1079-7114},
  url =          {http://dx.doi.org/10.1103/PhysRevLett.82.476},
  DOI =          {10.1103/physrevlett.82.476},
  number =       {3},
  journal =      {Phys. Rev. Lett.},
  publisher =    {American Physical Society (APS)},
  author =       {Wang, Jian-Sheng and Tay, Tien and Swendsen, Robert H},
  year =         {1999},
  month =        {Jan},
  pages =        {476--479}
}

@article{transition,
  title =        {Transition matrix {M}onte {C}arlo method},
  author =       {Wang, Jian-Sheng and Swendsen, Robert H},
  journal =      {J. Stat. Phys.},
  volume =       {106},
  number =       {1-2},
  pages =        {245--285},
  year =         {2002},
  publisher =    {Springer},
  url =          {http://dx.doi.org/10.1023/A:1013180330892},
  DOI =          {10.1023/a:1013180330892}
}

@article{transition_gas,
  title =        {Use of the Grand Canonical Transition-Matrix {M}onte
                  {C}arlo Method to Model Gas Adsorption in Porous
                  Materials},
  volume =       {117},
  ISSN =         {1932-7455},
  url =          {http://dx.doi.org/10.1021/jp400480q},
  DOI =          {10.1021/jp400480q},
  number =       {11},
  journal =      {J. Phys. Chem. A},
  publisher =    {American Chemical Society (ACS)},
  author =       {Siderius, Daniel W. and Shen, Vincent K.},
  year =         {2013},
  month =        {Mar},
  pages =        {5861--5872}
}

@article{transition_dynamics,
  title =        {Transition Matrix Monte Carlo Reweighting and
                  Dynamics},
  volume =       {82},
  ISSN =         {1079-7114},
  url =          {http://dx.doi.org/10.1103/PhysRevLett.82.476},
  DOI =          {10.1103/physrevlett.82.476},
  number =       {3},
  journal =      {Phys. Rev. Lett.},
  publisher =    {American Physical Society (APS)},
  author =       {Wang, Jian-Sheng and Tay, Tien and Swendsen, Robert},
  year =         {1999},
  month =        {Jan},
  pages =        {476--479}
}

@CONTROL{REVTEX41Control}
@CONTROL{apsrev41Control,
  author =       "48",
  editor =       "1",
  pages =        "1",
  title =        "0",
  year =         "0"
}

