@article{gil-villegas-1997-SAFT-VR,
  title={{Statistical associating fluid theory for chain molecules with attractive potentials of variable range}},
  author={Gil-Villegas, A. and Galindo, A. and Whitehead, P.J. and Mills, S.J. and Jackson, G. and Burgess, A.N.},
  journal={The Journal of Chemical Physics},
  volume={106},
  pages={4168},
  year={1997}
}

@article{lurie2014approach,
  title={Approach to approximating the pair distribution function of inhomogeneous hard-sphere fluids},
  author={Lurie-Gregg, Paho and Schulte, Jeff B and Roundy, David},
  journal={Physical Review E},
  volume={90},
  number={4},
  pages={042130},
  year={2014},
  publisher={APS}
}

@article{dubbeldam2013inner,
  title={On the inner workings of Monte Carlo codes},
  author={Dubbeldam, David and Torres-Knoop, Ariana and Walton, Krista S},
  journal={Molecular Simulation},
  volume={39},
  number={14-15},
  pages={1253--1292},
  year={2013},
  publisher={Taylor \& Francis}
}
