@article{white2001global,
  title={Are Global Renormalization Methods Capable of Locating Gas--Liquid Critical Points?},
  author={White, JA},
  journal={International journal of thermophysics},
  volume={22},
  number={4},
  pages={1147--1157},
  year={2001},
  publisher={Springer}
}
@article{white2000global,
  title={Global renormalization calculations compared with simulations for square-well fluids: Widths 3.0 and 1.5},
  author={White, John A},
  journal={The Journal of Chemical Physics},
  volume={113},
  pages={1580},
  year={2000}
}

@article{gross2009density,
  title={A density functional theory for vapor-liquid interfaces using the PCP-SAFT equation of state},
  author={Gross, J.},
  journal={The Journal of chemical physics},
  volume={131},
  pages={204705},
  year={2009}
}
@article{wadewitz2000application,
  title={Application of density functional perturbation theory to pure fluid liquid--vapor interfaces},
  author={Wadewitz, T and Winkelmann, J},
  journal={The Journal of Chemical Physics},
  volume={113},
  pages={2447},
  year={2000}
}
@article{winkelmann2001liquid,
  title={The liquid-vapour interface of pure fluids and mixtures: application of computer simulation and density functional theory},
  author={Winkelmann, J},
  journal={Journal of Physics: Condensed Matter},
  volume={13},
  number={21},
  pages={4739},
  year={2001},
  publisher={IOP Publishing}
}
@article{weeks1989consistency,
  title={Consistency of capillary wave theory in three dimensions: Divergence of the interface width and agreement with density functional theory},
  author={Weeks, John D and van Saarloos, Wim and Bedeaux, Dick and Blokhuis, Edgar},
  journal={The Journal of chemical physics},
  volume={91},
  pages={6494},
  year={1989}
}

@article{buff1965interfacial,
  title={Interfacial density profile for fluids in the critical region},
  author={Buff, FP and Lovett, RA and Stillinger Jr, FH},
  journal={Physical Review Letters},
  volume={15},
  number={15},
  pages={621--623},
  year={1965},
  publisher={APS}
}
@article{llovell2006global,
  title={Global fluid phase equilibria and critical phenomena of selected mixtures using the crossover soft-SAFT equation},
  author={Llovell, F{\`e}lix and Vega, Lourdes F},
  journal={The Journal of Physical Chemistry B},
  volume={110},
  number={3},
  pages={1350--1362},
  year={2006},
  publisher={ACS Publications}
}
@article{mccabe2004crossover,
  title={A crossover SAFT-VR equation of state for pure fluids: preliminary results for light hydrocarbons},
  author={McCabe, Clare and Kiselev, Sergei B},
  journal={Fluid phase equilibria},
  volume={219},
  number={1},
  pages={3--9},
  year={2004},
  publisher={Elsevier}
}
@article{hu2003crossover,
  title={Crossover SAFT equation of state for pure supercritical fluids},
  author={Hu, Zhong-Qiao and Yang, Ji-Chu and Li, Yi-Gui},
  journal={Fluid phase equilibria},
  volume={205},
  number={1},
  pages={1--15},
  year={2003},
  publisher={Elsevier}
}
@article{hu2003back,
  title={{Crossover SAFT--BACK equation of state for pure CO$_2$ and H$_2$O}},
  author={Hu, Zhong-Qiao and Yang, Ji-Chu and Li, Yi-Gui},
  journal={Fluid phase equilibria},
  volume={205},
  number={1},
  pages={25--36},
  year={2003},
  publisher={Elsevier}
}
@article{kiselev2000crossover,
  title={Crossover SAFT equation of state and thermodynamic properties of propan-1-ol},
  author={Kiselev, SB and Ely, JF and Abdulagatov, IM and Magee, JW},
  journal={International journal of thermophysics},
  volume={21},
  number={6},
  pages={1373--1405},
  year={2000},
  publisher={Springer}
}
@article{kiselev2001crossover,
  title={A crossover equation of state for associating fluids},
  author={Kiselev, SB and Ely, JF and Adidharma, H and Radosz, M},
  journal={Fluid phase equilibria},
  volume={183},
  pages={53--64},
  year={2001},
  publisher={Elsevier}
}
@article{kiselev2000simplified,
  title={Simplified crossover SAFT equation of state for pure fluids and fluid mixtures},
  author={Kiselev, SB and Ely, JF},
  journal={Fluid phase equilibria},
  volume={174},
  number={1},
  pages={93--113},
  year={2000},
  publisher={Elsevier}
}
@article{kiselev1999crossover,
  title={Crossover SAFT equation of state: application for normal alkanes},
  author={Kiselev, SB and Ely, JF},
  journal={Industrial \& engineering chemistry research},
  volume={38},
  number={12},
  pages={4993--5004},
  year={1999},
  publisher={ACS Publications}
}
@article{ramana2012generalized,
  title={Generalized approach to global renormalization-group theory for fluids},
  author={Ramana, A Sai Venkata and Menon, SVG},
  journal={Physical Review E},
  volume={85},
  number={4},
  pages={041108},
  year={2012},
  publisher={APS}
}
@article{el2008integral,
  title={Integral equation study of the square-well fluid for varying attraction range},
  author={El Mendoub, EB and Wax, J-F and Charpentier, I and Jakse, N},
  journal={Molecular Physics},
  volume={106},
  number={24},
  pages={2667--2675},
  year={2008},
  publisher={Taylor \& Francis}
}
@article{forte2011application,
  title={Application of a renormalization-group treatment to the statistical associating fluid theory for potentials of variable range (SAFT-VR)},
  author={Forte, Esther and Llovell, Felix and Vega, Lourdes F and Trusler, JP Martin and Galindo, Amparo},
  journal={The Journal of chemical physics},
  volume={134},
  pages={154102},
  year={2011}
}
@article{giacometti2009liquid,
  title={Liquid--vapor coexistence in square-well fluids: an RHNC study},
  author={Giacometti, Achille and Pastore, Giorgio and Lado, Fred},
  journal={Molecular Physics},
  volume={107},
  number={4-6},
  pages={555--562},
  year={2009},
  publisher={Taylor \& Francis}
}
@article{jiuxun2005simple,
  title={Simple analytic equations of state for Sutherland fluids and square-well fluids},
  author={Jiuxun, Sun},
  journal={Canadian journal of physics},
  volume={83},
  number={1},
  pages={55--66},
  year={2005},
  publisher={NRC Research Press}
}
@article{fu2006study,
  title={Study on vapor-liquid equilibria and surface tensions for nonpolar fluids by renormalization group theory and density gradient theory},
  author={Fu, Dong},
  journal={The Journal of Physical Chemistry B},
  volume={110},
  number={39},
  pages={19575--19581},
  year={2006},
  publisher={ACS Publications}
}

@article{mi2004renormalization,
  title={Renormalization group theory for fluids including critical region. I. Pure fluids},
  author={Mi, Jianguo and Zhong, Chongli and Li, Yi-Gui and Chen, Jian},
  journal={Chemical physics},
  volume={305},
  number={1},
  pages={37--45},
  year={2004},
  publisher={Elsevier}
}
@article{mi2004improved,
  title={An improved renormalization group theory for real fluids},
  author={Mi, Jianguo and Zhong, Chongli and Li, Yi-Gui and Tang, Yiping},
  journal={The Journal of chemical physics},
  volume={121},
  pages={5372},
  year={2004}
}
@article{reiner2002hierarchical,
  title={The hierarchical reference theory as applied to square well fluids of variable range},
  author={Reiner, Albert and Kahl, Gerhard},
  journal={The Journal of chemical physics},
  volume={117},
  pages={4925},
  year={2002}
}
@article{kiselev2002computer,
  title={Computer simulations and crossover equation of state of square-well fluids},
  author={Kiselev, SB and Ely, JF and Lue, L and Elliott Jr, JR},
  journal={Fluid phase equilibria},
  volume={200},
  number={1},
  pages={121--145},
  year={2002},
  publisher={Elsevier}
}
@article{del2002vapour,
  title={Vapourâ€”liquid equilibrium of the square-well fluid of variable range via a hybrid simulation approach},
  author={Del Rio, Fernando and Avalos, Edgar and Espindola, Rodolfo and Rull, Luis F and Jackson, George and Lago, Santiago},
  journal={Molecular Physics},
  volume={100},
  number={15},
  pages={2531--2546},
  year={2002},
  publisher={Taylor \& Francis}
}

@article{chen2000novel,
  title={A novel Monte Carlo algorithm for simulating strongly associating fluids: Applications to water, hydrogen fluoride, and acetic acid},
  author={Chen, Bin and Siepmann, J Ilja},
  journal={The Journal of Physical Chemistry B},
  volume={104},
  number={36},
  pages={8725--8734},
  year={2000},
  publisher={ACS Publications}
}

@article{liu2005direct,
  title={Direct determination of phase behavior of square-well fluids},
  author={Liu, Hongjun and Garde, Shekhar and Kumar, Sanat},
  journal={The Journal of chemical physics},
  volume={123},
  pages={174505},
  year={2005}
}
@article{de1998broad,
  title={Broad histogram monte carlo},
  author={De Oliveira, PMC and Penna, TJP and Herrmann, HJ},
  journal={The European Physical Journal B-Condensed Matter and Complex Systems},
  volume={1},
  number={2},
  pages={205--208},
  year={1998},
  publisher={Springer}
}
@article{lee1993new,
  title={New Monte Carlo algorithm: entropic sampling},
  author={Lee, Jooyoung},
  journal={Physical Review Letters},
  volume={71},
  number={2},
  pages={211--214},
  year={1993},
  publisher={APS}
}
@article{ferrenberg1988histogram,
  title={New Monte Carlo technique for studying phase transitions},
  author={Ferrenberg, Alan M and Swendsen, Robert H},
  journal={Physical review letters},
  volume={61},
  number={23},
  pages={2635},
  year={1988},
  publisher={APS}
}
