@article{gil-villegas-1997-SAFT-VR,
  title={{Statistical associating fluid theory for chain molecules with attractive potentials of variable range}},
  author={Gil-Villegas, A. and Galindo, A. and Whitehead, P.J. and Mills, S.J. and Jackson, G. and Burgess, A.N.},
  journal={The Journal of Chemical Physics},
  volume={106},
  pages={4168},
  year={1997}
}

@article{roth2002whitebear,
  title={{Fundamental measure theory for hard-sphere mixtures revisited: the White Bear version}},
  author={Roth, R. and Evans, R. and Lang, A. and Kahl, G.},
  journal={Journal of Physics: Condensed Matter},
  volume={14},
  pages={12063},
  year={2002},
  publisher={IOP Publishing}
}

@article{barker1976liquid,
  title={What is "liquid"? Understanding the states of matter},
  author={Barker, J.A. and Henderson, D.},
  journal={Reviews of Modern Physics},
  volume={48},
  number={4},
  pages={587},
  year={1976},
  publisher={APS}
}

@article{hughes2013classical,
  title={A classical density-functional theory for describing water interfaces},
  author={Hughes, Jessica and Krebs, Eric J and Roundy, David and others},
  journal={The Journal of chemical physics},
  volume={138},
  number={2},
  pages={024509--024509},
  year={2013}
}

@article{peng2008meanfield,
author = {Peng, Bo and Yu, Yang-Xin},
title = {A Density Functional Theory with a Mean-field Weight Function: Applications to Surface Tension, Adsorption, and Phase Transition of a Lennard-Jones Fluid in a Slit-like Pore},
journal = {The Journal of Physical Chemistry B},
volume = {112},
number = {48},
pages = {15407-15416},
year = {2008},
doi = {10.1021/jp805697p},

URL = {http://pubs.acs.org/doi/abs/10.1021/jp805697p},
eprint = {http://pubs.acs.org/doi/pdf/10.1021/jp805697p}
}

@article{yu2009novel,
  title={A novel weighted density functional theory for adsorption, fluid-solid interfacial tension, and disjoining properties of simple liquid films on planar solid surfaces},
  author={Yu, Yang-Xin},
  journal={The Journal of chemical physics},
  volume={131},
  number={2},
  pages={024704},
  year={2009},
  publisher={AIP Publishing}
}

@article{sundararaman2013efficient,
  title={Efficient classical density-functional theories of rigid-molecular fluids and a simplified free energy functional for liquid water},
  author={Sundararaman, Ravishankar and Arias, TA},
  journal={Computer Physics Communications},
  year={2013},
  publisher={Elsevier}
}

@article{shen2013hybrid,
  title={A hybrid perturbed-chain SAFT density functional theory for representing fluid behavior in nanopores: Mixtures},
  author={Shen, Gulou and Ji, Xiaoyan and {\"O}berg, Sven and Lu, Xiaohua},
  journal={The Journal of chemical physics},
  volume={139},
  number={19},
  pages={194705},
  year={2013},
  publisher={AIP Publishing}
}

@article{schulte2012using,
  title={Using fundamental measure theory to treat the correlation function of the inhomogeneous hard-sphere fluid},
  author={Schulte, Jeff B and Kreitzberg, Patrick A and Haglund, Chris V and Roundy, David},
  journal={Physical Review E},
  volume={86},
  number={6},
  pages={061201},
  year={2012},
  publisher={APS}
}

@article{barker1967-SW-perturbation,
   author = {Barker, J. A. and Henderson, D.},
   title = {Perturbation Theory and Equation of State for Fluids: The Square‚ÄêWell Potential},
   journal = {The Journal of Chemical Physics},
   year = {1967},
   volume = {47},
   number = {8},
   pages = {2856-2861},
}

@book{Simple-Liquids,
  author = {Hansen, J. P. and McDonald, I. R.},
  title = {Theory of Simple Liquids},
  publisher = {Academic Press},
  edition = {3},
  year = {2006}
}

@article{barker2004perturbationSW,
  title={Perturbation Theory and Equation of State for Fluids: The Square-Well Potential},
  author={Barker, John Adair and Henderson, Douglas},
  journal={The Journal of Chemical Physics},
  volume={47},
  number={8},
  pages={2856--2861},
  year={2004},
  publisher={AIP Publishing}
}
@article{barker2004perturbationII,
  title={Perturbation theory and equation of state for fluids. II. A successful theory of liquids},
  author={Barker, John A and Henderson, Douglas},
  journal={The Journal of Chemical Physics},
  volume={47},
  number={11},
  pages={4714--4721},
  year={2004},
  publisher={AIP Publishing}
}
