@article{cuesta1996cubes,
  title={Fluid mixtures of parallel hard cubes},
  author={Cuesta, J.A.},
  journal={Physical review letters},
  volume={76},
  number={20},
  pages={3742--3745},
  year={1996},
  publisher={APS}
}

@article{cuesta1997dimensional,
  title={Dimensional crossover of the fundamental-measure functional for parallel hard cubes},
  author={Cuesta, J.A. and Mart{\'\i}nez-Rat{\'o}n, Y.},
  journal={Physical review letters},
  volume={78},
  number={19},
  pages={3681--3684},
  year={1997},
  publisher={APS}
}

@article{capitan2008phase,
  title={Phase behavior of parallel hard cylinders.},
  author={Capit{\'a}n, JA and Mart{\'\i}nez-Rat{\'o}n, Y. and Cuesta, JA},
  journal={The Journal of chemical physics},
  volume={128},
  number={19},
  pages={194901},
  year={2008}
}

@article{martinez2008fundamental,
  title={Fundamental-measure density functional for mixtures of parallel hard cylinders},
  author={Mart{\'\i}nez-Rat{\'o}n, Y. and Capit{\'a}n, J.A. and Cuesta, J.A.},
  journal={Physical Review E},
  volume={77},
  number={5},
  pages={051205},
  year={2008},
  publisher={APS}
}

@article{capitan2007hexagons,
  title={Fundamental-measure density functional for the fluid of aligned hard hexagons: Further insights in fundamental measure theory},
  author={Capit{\'a}n, J.A. and Cuesta, J.A.},
  journal={Physical Review E},
  volume={76},
  number={1},
  pages={011403},
  year={2007},
  publisher={APS}
}

@article{cuesta1997fundamental,
  title={Fundamental measure theory for mixtures of parallel hard cubes. I. General formalism},
  author={Cuesta, J.A. and Mart{\'\i}nez-Rat{\'o}n, Y.},
  year={1997},
  publisher={American Institute of Physics}
}

@article{martinez1999fundamental,
  title={Fundamental measure theory for mixtures of parallel hard cubes. II. Phase behavior of the one-component fluid and of the binary mixture},
  author={Mart{\'\i}nez-Rat{\'o}n, Y. and Cuesta, J.A.},
  journal={The Journal of Chemical Physics},
  volume={111},
  number={1},
  pages={317--327},
  year={1999},
  publisher={American Institute of Physics}
}

@article{buhot1998numerical,
  title={Numerical solution of hard-core mixtures},
  author={Buhot, A. and Krauth, W.},
  journal={Physical review letters},
  volume={80},
  number={17},
  pages={3787--3790},
  year={1998},
  publisher={APS}
}

@article{schmidt2001density,
  title={Density functional theory for colloidal rod-sphere mixtures},
  author={Schmidt, M.},
  journal={Physical Review E},
  volume={63},
  number={5},
  pages={050201},
  year={2001},
  publisher={APS}
}

@article{esztermann2006density,
  title={Density functional theory for colloidal mixtures of hard platelets, rods, and spheres},
  author={Esztermann, A. and Reich, H. and Schmidt, M.},
  journal={Physical Review E},
  volume={73},
  number={1},
  pages={011409},
  year={2006},
  publisher={APS}
}

@article{hansen2009fundamental,
  title={Fundamental measure theory for inhomogeneous fluids of nonspherical hard particles},
  author={Hansen-Goos, H. and Mecke, K.},
  journal={Physical review letters},
  volume={102},
  number={1},
  pages={18302},
  year={2009},
  publisher={APS}
}

@article{harnau2008structure,
  title={Structure and thermodynamics of platelet dispersions},
  author={Harnau, L.},
  journal={Molecular Physics},
  volume={106},
  number={16-18},
  pages={1975--2000},
  year={2008},
  publisher={Taylor \& Francis}
}

@article{hansen2010tensorial,
  title={Tensorial density functional theory for non-spherical hard-body fluids},
  author={Hansen-Goos, H. and Mecke, K.},
  journal={Journal of Physics: Condensed Matter},
  volume={22},
  number={36},
  pages={364107},
  year={2010},
  publisher={IOP Publishing}
}

% The following is a very nice review of all things "hard particle."
@InCollection{tarazona2008chapter,
  title={Density functional theories of hard particle systems},
  author={Tarazona, P. and Cuesta, J.A. and Mart{\'\i}nez-Rat{\'o}n, Y.},
  editor={Mulero, A.},
  booktitle={Theory and Simulation of Hard-Sphere Fluids and Related Systems},
  pages={247--341},
  year={2008},
  publisher={Springer}
}

% Simulation
@article{jagla1998melting,
  title={Melting of hard cubes},
  author={Jagla, EA},
  journal={Physical Review E},
  volume={58},
  number={4},
  pages={4701},
  year={1998},
  publisher={APS}
}

@article{groh2001closer,
  title={A closer look at crystallization of parallel hard cubes},
  author={Groh, B. and Mulder, B.},
  journal={The Journal of Chemical Physics},
  volume={114},
  pages={3653},
  year={2001}
}
