%References for whole project
﻿
@article{ Hughes13,
Author = {Hughes, Jessica and Krebs, Eric J. and Roundy, David},
Title = {{A classical density-functional theory for describing water interfaces}},
Journal = {{JOURNAL OF CHEMICAL PHYSICS}},
Year = {{2013}},
Volume = {{138}},
Number = {{2}},
Month = {{JAN 14}},
DOI = {{10.1063/1.4774155}},
Journal-ISO = {{J. Chem. Phys.}}
}

@article{ Forte11,
Author = {Forte, Esther and Llovell, Felix and Vega, Lourdes F. and Trusler, J. P.
   Martin and Galindo, Amparo},
Title = {{Application of a renormalization-group treatment to the statistical
   associating fluid theory for potentials of variable range (SAFT-VR)}},
Journal = {{JOURNAL OF CHEMICAL PHYSICS}},
Year = {{2011}},
Volume = {{134}},
Number = {{15}},
Month = {{APR 21}},
DOI = {{10.1063/1.3570614}},
Article-Number = {{154102}},
Journal-ISO = {{J. Chem. Phys.}}
}
﻿
@article{ Clark06,
Author = {Clark, Gary N. I. and Haslam, Andrew J. and Galindo, Amparo and Jackson,
   George},
Title = {{Developing optimal Wertheim-like models of water for use in Statistical
   Associating Fluid Theory (SAFT) and related approaches}},
Journal = {{MOLECULAR PHYSICS}},
Year = {{2006}},
Volume = {{104}},
Number = {{22-24}},
Pages = {{3561-3581}},
Month = {{NOV-DEC}},
Note = {{7th Liblice Conference on Statistical Mechanics of Liquids, Lednice,
   CZECH REPUBLIC, JUN 11-16, 2006}},
Journal-ISO = {{Mol. Phys.}}
}
﻿
@article{ Gil-Villegas97,
Author = {Gil-Villegas, A and Galindo, A and Whitehead, PJ and Mills, SJ and
   Jackson, G and Burgess, AN},
Title = {{Statistical associating fluid theory for chain molecules with attractive
   potentials of variable range}},
Journal = {{JOURNAL OF CHEMICAL PHYSICS}},
Year = {{1997}},
Volume = {{106}},
Number = {{10}},
Pages = {{4168-4186}},
Month = {{MAR 8}},
DOI = {{10.1063/1.473101}},
Journal-ISO = {{J. Chem. Phys.}}
}

@article{ Sengers85,
  title={Assessment of Critical Parameter Values for HO and DO},
  author={Sengers, JMH Levelt and Straub, J and Watanabe, K and Hill, PG},
  journal={Journal of physical and chemical reference data},
  volume={14},
  pages={193},
  year={1985}
}

@article{ Salvino92,
   author = "Salvino, Liming W. and White, John A.",
   title = "Calculation of density fluctuation contributions to thermodynamic properties of simple fluids",
   journal = "The Journal of Chemical Physics",
   year = "1992",
   volume = "96",
   number = "6",
   eid = ,
   pages = "4559-4568",
   url = "http://scitation.aip.org/content/aip/journal/jcp/96/6/10.1063/1.462791",
   doi = "http://dx.doi.org/10.1063/1.462791"
}
