@article{wertheim1984fluidsI,
  title={Fluids with highly directional attractive forces. I. Statistical thermodynamics},
  author={Wertheim, M. S.},
  journal={Journal of statistical physics},
  volume={35},
  number={1},
  pages={19--34},
  year={1984},
  publisher={Springer}
}
@article{wertheim1984fluidsII,
  title={Fluids with highly directional attractive forces. II. Thermodynamic perturbation theory and integral equations},
  author={Wertheim, M. S.},
  journal={Journal of statistical physics},
  volume={35},
  number={1},
  pages={35--47},
  year={1984},
  publisher={Springer}
}
@article{wertheim1986fluidsIII,
  title={Fluids with highly directional attractive forces. III. Multiple attraction sites},
  author={Wertheim, M. S.},
  journal={Journal of statistical physics},
  volume={42},
  number={3},
  pages={459--476},
  year={1986},
  publisher={Springer}
}

@article{peery2003association,
  title={Association in a four-coordinated, water-like fluid},
  author={Peery, T.B. and Evans, G.T.},
  journal={The Journal of chemical physics},
  volume={118},
  pages={2286},
  year={2003}
}

% Equations of state for water

@article{truskett1999single,
  title={A single-bond approach to orientation-dependent interactions and its implications for liquid water},
  author={Truskett, T.M. and Debenedetti, P.G. and Sastry, S. and Torquato, S.},
  journal={The Journal of chemical physics},
  volume={111},
  pages={2647},
  year={1999}
}

@article{molinero2008water,
  title={Water modeled as an intermediate element between carbon and silicon},
  author={Molinero, V. and Moore, E.B.},
  journal={arXiv preprint arXiv:0809.2811},
  year={2008}
}

@article{hujo2011rise,
  title={The rise and fall of anomalies in tetrahedral liquids},
  author={Hujo, W. and Shadrack Jabes, B. and Rana, V.K. and Chakravarty, C. and Molinero, V.},
  journal={Journal of Statistical Physics},
  volume={145},
  number={2},
  pages={293--312},
  year={2011},
  publisher={Springer}
}

@article{hakem2007temperature,
  title={Temperature, pressure, and isotope effects on the structure and properties of liquid water: A lattice approach},
  author={Hakem, I.F. and Boussaid, A. and Benchouk-Taleb, H. and Bockstaller, M.R.},
  journal={The Journal of chemical physics},
  volume={127},
  pages={224106},
  year={2007}
}

@article{tu2009anomalies,
  title={Anomalies of liquid water at low temperature due to two types of hydrogen bonds},
  author={Tu, Y. and Fang, H.},
  journal={Physical Review E},
  volume={79},
  number={1},
  pages={016707},
  year={2009},
  publisher={APS}
}

@article{pretti2004thermodynamic,
  title={Thermodynamic anomalies in a lattice model of water},
  author={Pretti, M. and Buzano, C.},
  journal={arXiv preprint cond-mat/0407692},
  year={2004}
}

@article{heidemann1976van,
  title={A van der Waals-type equation of state for fluids with associating molecules},
  author={Heidemann, R.A. and Prausnitz, JM},
  journal={Proceedings of the National Academy of Sciences},
  volume={73},
  number={6},
  pages={1773--1776},
  year={1976},
  publisher={National Acad Sciences}
}

@article{muller2001molecular,
  title={Molecular-based equations of state for associating fluids: A review of SAFT and related approaches},
  author={M{\"u}ller, E.A. and Gubbins, K.E.},
  journal={Industrial \& engineering chemistry research},
  volume={40},
  number={10},
  pages={2193--2211},
  year={2001},
  publisher={ACS Publications}
}

@article{grassberger1993monte,
  title={Monte Carlo simulation of 3D self-avoiding walks},
  author={Grassberger, P.},
  journal={Journal of Physics A: Mathematical and General},
  volume={26},
  number={12},
  pages={2769},
  year={1993},
  publisher={IOP Publishing}
}

@article{chen2002universal,
  title={Universal amplitude ratios for three-dimensional self-avoiding walks},
  author={Chen, M. and Lin, K.Y.},
  journal={Journal of Physics A: Mathematical and General},
  volume={35},
  number={7},
  pages={1501},
  year={2002},
  publisher={IOP Publishing}
}
