@article{jin2011perturbative,
  title={A perturbative density functional theory for square-well fluids},
  author={Jin, Zhehui and Tang, Yiping and Wu, Jianzhong},
  journal={The Journal of chemical physics},
  volume={134},
  pages={174702},
  year={2011}
}

