@article{roth2002whitebear,
  title={{Fundamental measure theory for hard-sphere mixtures revisited: the White Bear version}},
  author={Roth, R. and Evans, R. and Lang, A. and Kahl, G.},
  journal={Journal of Physics: Condensed Matter},
  volume={14},
  pages={12063},
  year={2002},
  publisher={IOP Publishing}
}

@article{hansen2006density,
  title={Density functional theory for hard-sphere mixtures: the White Bear version mark II},
  author={Hansen-Goos, H. and Roth, R.},
  journal={Journal of Physics: Condensed Matter},
  volume={18},
  pages={8413},
  year={2006},
  publisher={IOP Publishing}
}


@Unpublished{deft,
  author =       {},
  title =        {\texttt{Deft} is freely available software written
                  in a combination of portable C++ and Haskell.},
  note =         {http://github.com/droundy/deft}
}

@article{attard1989spherically,
  title={Spherically inhomogeneous fluids. I. Percus--Yevick hard spheres: Osmotic coefficients and triplet correlations},
  author={Attard, P.},
  journal={The Journal of Chemical Physics},
  volume={91},
  pages={3072},
  year={1989}
}

@article{plischke1986pair,
  title={Pair correlation function in a fluid with density inhomogeneities: results of the Percus-Yevick and hypernetted chain approximations for hard spheres near a hard wall},
  author={Plischke, M. and Henderson, D.},
  journal={Proceedings of the Royal Society of London. A. Mathematical and Physical Sciences},
  volume={404},
  number={1827},
  pages={323--337},
  year={1986},
  publisher={The Royal Society}
}

@article{gonzalez1999test,
  title={A test-particle method for the calculation of the three-particle distribution function of the hard-sphere fluid: density functional theory and simulation},
  author={Gonz{\'a}lez, A. and Rom{\'a}n, FL and White, JA},
  journal={Journal of Physics: Condensed Matter},
  volume={11},
  number={19},
  pages={3789},
  year={1999},
  publisher={IOP Publishing}
}

@article{lado2009efficient,
  title={An efficient procedure for the study of inhomogeneous liquids},
  author={Lado, F.},
  journal={Molecular Physics},
  volume={107},
  number={4-6},
  pages={301--308},
  year={2009},
  publisher={Taylor \& Francis}
}
