@article{roth2002whitebear,
  title={{Fundamental measure theory for hard-sphere mixtures revisited: the White Bear version}},
  author={Roth, R. and Evans, R. and Lang, A. and Kahl, G.},
  journal={Journal of Physics: Condensed Matter},
  volume={14},
  pages={12063},
  year={2002},
  publisher={IOP Publishing}
}

