@article{white2001global,
  title={Are Global Renormalization Methods Capable of Locating Gas--Liquid Critical Points?},
  author={White, JA},
  journal={International journal of thermophysics},
  volume={22},
  number={4},
  pages={1147--1157},
  year={2001},
  publisher={Springer}
}

@article{forte2011application,
  title={Application of a renormalization-group treatment to the statistical associating fluid theory for potentials of variable range (SAFT-VR)},
  author={Forte, Esther and Llovell, Felix and Vega, Lourdes F and Trusler, JP Martin and Galindo, Amparo},
  journal={The Journal of chemical physics},
  volume={134},
  pages={154102},
  year={2011}
}

@article{de1998broad,
  title={Broad histogram monte carlo},
  author={De Oliveira, PMC and Penna, TJP and Herrmann, HJ},
  journal={The European Physical Journal B-Condensed Matter and Complex Systems},
  volume={1},
  number={2},
  pages={205--208},
  year={1998},
  publisher={Springer}
}


@book{theorysimpleliquids,
  title={Theory of Simple Liquids},
  author={J.-P. Hansen, I.R McDonald},
  publisher={Academic Press},
  year = 2006,
  edition=3,
}

@book{theoryofcrits,
  title={Theory of Critical Phenomena},
  author = {Dimo I. Uzunov},
  publisher = {World Scientific},
  year = 2010,
  ed = 2,
}

@unpublished{perlinthesis,
  author = {Michael A. Perlin},
  title= {Optimizing Monte Carlo simulation of the square-well fluid},
  note= {Undergrad thesis},
  year = {2015}
}


@unpublished{valeskethesis,
  author = {Austin Valeske},
  title= {Determining Free Energies of Hard Sphere Fluids via Monte Carlo Simulation},
  note= {Undergrad thesis},
  year = {2015}
}
  

@article{FerrenbergSwendsen,
  title = {New Monte Carlo technique for studying phase transitions},
  author = {Ferrenberg, Alan M. and Swendsen, Robert H.},
  journal = {Phys. Rev. Lett.},
  volume = {61},
  issue = {23},
  pages = {2635--2638},
  numpages = {0},
  year = {1988},
  month = {Dec},
  publisher = {American Physical Society},
  doi = {10.1103/PhysRevLett.61.2635},
  url = {http://link.aps.org/doi/10.1103/PhysRevLett.61.2635}
}

@article{clarkwater,
  title = {Developing optimal Wertheim-like models of water for use in Statistical Associating Fluid Theory and related approaches},
  author = {Clark, G.N.I., and Haslam, Andrew J., and Galindo, Ampero, and Jackson, George.},
  journal = {Mol. Physics},
  volume = {104},
  issue = {22--24},
  pages = {3561--3581},
  year = {2006},
  month = {Dec},
  publisher = {Taylor and Francis},
  doi = {10.1080/00268970601081475},
  url = {http://tandfonline.com/doi/abs/10.1080/00268970601081475}
}

@article{cs-eos,
   author = "Carnahan, Norman F. and Starling, Kenneth E.",
   title = "Equation of State for Nonattracting Rigid Spheres",
   journal = "The Journal of Chemical Physics",
   year = "1969",
   volume = "51",
   number = "2", 
   pages = "635-636",
   url = "http://scitation.aip.org/content/aip/journal/jcp/51/2/10.1063/1.1672048",
   doi = "http://dx.doi.org/10.1063/1.1672048" 
}
@article{metro-hastings,
   author = "Metropolis, Nicholas and Rosenbluth, Arianna W. and Rosenbluth, Marshall N. and Teller, Augusta H. and Teller, Edward",
   title = "Equation of State Calculations by Fast Computing Machines",
   journal = "The Journal of Chemical Physics",
   year = "1953",
   volume = "21",
   number = "6", 
   pages = "1087-1092",
   url = "http://scitation.aip.org/content/aip/journal/jcp/21/6/10.1063/1.1699114",
   doi = "http://dx.doi.org/10.1063/1.1699114" 
}

@article{ferrenberg1988histogram,
  title={New Monte Carlo technique for studying phase transitions},
  author={Ferrenberg, Alan M and Swendsen, Robert H},
  journal={Physical review letters},
  volume={61},
  number={23},
  pages={2635},
  year={1988},
  publisher={APS}
}
